@misc{ref1,
  author={Alexander Feder},
  title={How to use {B}ib{T}e{X}},
  year={2006},
  url={http://www.bibtex.org/Using/},
  note={Accessed 2020-11-18}
}